
@techreport{TDMA,
    Author = {Thomas, L.H.},
    Title = {Elliptic Problems in Linear Differential Equations over a Network},
    Institution = {Columbia University},
    Year = {1949},
}

@misc{libxsmm_website, 
  key   = {LIBXSMM},
  title = {{LIBXSMM:}},
  howpublished = {\url{https://github.com/hfp/libxsmm}},
}

@misc{mkl_website, 
  key   = {MKL},
  title = {{MKL:}},
  howpublished = {\url{https://software.intel.com/en-us/intel-mkl}},
}

@misc{cublas_website, 
  key   = {CUBLAS},
  title = {{CUBLAS:}},
  howpublished = {\url{https://developer.nvidia.com/cublas}},
}


@misc{Edison_website,
  key          = {Edison},
  title        = {{Edison:}},
  howpublished = {\url{www.nersc.gov/users/computational-systems/edison}}
}

@inproceedings{Spampinato:2014,
  author = {Spampinato, Daniele G. and P\"{u}schel, Markus},
  title = {A Basic Linear Algebra Compiler},
  booktitle = {Proceedings of Annual IEEE/ACM International Symposium on Code
    Generation and Optimization},
  series = {CGO '14},
  year = {2014},
  isbn = {978-1-4503-2670-4},
  location = {Orlando, FL, USA},
  pages = {23:23--23:32},
  articleno = {23},
  numpages = {10},
  url = {http://doi.acm.org/10.1145/2544137.2544155},
  acmid = {2544155},
  publisher = {ACM},
  address = {New York, NY, USA},
} 

@inproceedings{Haidar:2015,
   author = {Haidar, Azzam and Dong, Tingxing and Luszczek, Piotr and Tomov,
     Stanimire and Dongarra, Jack},
   title = {Optimization for Performance and Energy for Batched Matrix
      Computations on GPUs},
   booktitle = {Proceedings of the 8th Workshop on General Purpose Processing
       Using GPUs},
   series = {GPGPU-8},
   year = {2015},
   isbn = {978-1-4503-3407-5},
   location = {San Francisco, CA, USA},
   pages = {59--69},
   numpages = {11},
   url = {http://doi.acm.org/10.1145/2716282.2716288},
   doi = {10.1145/2716282.2716288},
   acmid = {2716288},
   publisher = {ACM},
   address = {New York, NY, USA},
} 

@misc{BlazeSite, 
  key = {Blaze},
  title = {{Blaze:}},
  howpublished = {\url{https://bitbucket.org/blaze-lib/blaze}},
}

@misc{PLASMASite, 
  key = {PLASMA},
  title = {{PLASMA:}},
  howpublished = {\url{http://icl.cs.utk.edu/plasma}},
}

@book{QuarteroniEtAl2007, 
  note = {'TODO: Quarteroni, Alfio; Sacco, Riccardo; Saleri, Fausto (2007). "Section 3.8".
  Numerical Mathematics. Springer, New York. ISBN 978-3-540-34658-6.'}
}
