@IEEEtranBSTCTL{IEEEexample:BSTcontrol,
    CTLuse_forced_etal       = "yes",
    CTLmax_names_forced_etal = "3",
    CTLnames_show_etal       = "2",
}

@article{kokkos,
  title        = {{Kokkos: Enabling Manycore Performance Portability through
                   Polymorphic Memory Access Patterns}},
  author       = {H. Carter Edwards and Christian R. Trott and Daniel Sunderland},
  journal      = {Journal of Parallel and Distributed Computing},
  issn         = {0743-7315},
  year         = {2014},
  volume       = {74},
  number       = {12},
  pages        = {3202--3216},
  doi          = {10.1016/j.jpdc.2014.07.003},
  note         = {\url{https://goo.gl/3heOLi}},
}

@article{cache_blocking,
  title        = {{The Cache Performance and Optimizations of Blocked Algorithms}},
  author       = {Monica D. Lam and Edward E. Rothberg and Michael E. Wolf},
  journal      = {ACM SIGPLAN Notices},
  issn         = {0362-1340},
  year         = {1991},
  volume       = {26},
  number       = {4},
  pages        = {63--74},
  doi          = {10.1145/106973.106981},
  note         = {\url{https://goo.gl/6HGE4Y}},
} 

@article{climate_mg2,
  title        = {{Advanced Two-Moment Bulk Microphysics for Global Models Part
                   I: Off-Line Tests and Comparison with Other Schemes}},
  author       = {Andrew Gettelman and Hugh Morrison},
  journal      = {Journal of Climate},
  issn         = {0894-8755},
  year         = {2015},
  volume       = {28},
  number       = {3},
  pages        = {1268--1287},
  doi          = {10.1175/JCLI-D-14-00102.1},
  note         = {\url{https://goo.gl/ZRgbxk}},
}

@article{pflotran,
  title        = {{Field-Scale Model for the Natural Attenuation of Uranium a
                   the Hanford 300 Area using High-Performance Computing}},
  author       = {Glenn E. Hammond and Peter C. Lichtner},
  journal      = {Water Resources Research},
  issn         = {0043-1397},
  year         = {2010},
  volume       = {46},
  number       = {9},
  doi          = {10.1029/2009WR008819},
  note         = {\url{https://goo.gl/E7R4H19}},
}

@article{combustion_pazner,
  title        = {{A High-Order Spectral Deferred Correction Strategy for Low 
                   Mach Number Flow with Complex Chemistry}},
  author       = {Will E. Pazner and Andrew Nonaka and John B. Bell
                  and Marcus S. Day and Michael L. Minion},
  journal      = {Combustion Theory and Modelling},
  issn         = {1364-7830},
  year         = {2016},
  volume       = {20},
  number       = {3},
  pages        = {521--547},
  doi          = {10.1080/13647830.2016.1150519},
  note         = {\url{https://goo.gl/JWCdFf}},
}

@article{climate_rrtmg,
  title        = {{Radiative Forcing by Long-Lived Greenhouse Gases:
                   Calculations with the AER Radiative Transfer Models}},
  author       = {Michael J. Iacono and Jennifer S. Delamere and Eli J. Mlawer
                  and Mark W. Shephard and Shepard A. Clough
                  and William D. Collins},
  journal      = {Journal of Geophysical Research: Atmospheres},
  issn         = {2156-2202},
  year         = {2008},
  volume       = {113},
  number       = {D13},
  doi          = {10.1029/2008JD009944},
  note         = {\url{https://goo.gl/pgghJC}},
}

@article{climate_sam,
  title        = {{Simulations of the Atmospheric General Circulation using a
                   Cloud-Resolving Model as a Superparameterization of Physical
                   Processes}},
  author       = {Marat Khairoutdinov and David Randall and Charlotte DeMott},
  journal      = {Journal of the Atmospheric Sciences},
  issn         = {0022-4928},
  year         = {2005},
  volume       = {62},
  number       = {7},
  pages        = {2136--2154},
  doi          = {10.1175/JAS3453.1},
  note         = {\url{https://goo.gl/h3zMzR}},
}

@article{imex,
  title        = {{Runge-Kutta IMEX Schemes for the Horizontally
                   Explicit/Vertically Implicit (HEVI) Solution of Wave
                   Equations}},
  author       = {Hilary Weller and Sarah-Jane Lock and Nigel Wood},
  journal      = {Journal of Computational Physics},
  issn         = {0021-9991},
  year         = {2013},
  volume       = {252},
  pages        = {365--381},
  doi          = {10.1016/j.jcp.2013.06.025},
  note         = {\url{https://goo.gl/RJRSU1}},
}

@article{bto_compiler,
  title        = {{Reliable Generation of High-Performance Matrix Algebra}},
  author       = {Thomas Nelson and Geoffrey Belter and Jeremy G. Siek
                  and Elizabeth Jessup and Boyana Norris},
  journal      = {ACM Transactions on Mathematical Software},
  issn         = {0098-3500},
  year         = {2015},
  volume       = {41},
  number       = {3},
  pages        = {18:1--18:27},
  doi          = {10.1145/2629698},
  note         = {\url{https://goo.gl/diYOex}},
}

@article{roofline,
  title        = {{Roofline: An Insightful Visual Performance Model for
                   Multicore Architectures}},
  author       = {Samuel Williams and Andrew Waterman and David Patterson},
  journal      = {Communications of the ACM},
  issn         = {0001-0782},
  year         = {2009},
  volume       = {52},
  number       = {4},
  pages        = {65--76},
  doi          = {10.1145/1498765.1498785},
  note         = {\url{https://goo.gl/AtCEcG}},
}  

@article{stream,
  title        = {{Memory Bandwidth and Machine Balance in Current High
                   Performance Computers}},
  author       = {John D. McCalpin},
  journal      = {IEEE Computer Society Technical Committee on Computer
                  Architecture (TCCA) Newsletter},
  year         = {1995},
  month        = {Dec},
  pages        = {19--25},
  note         = {\url{https://goo.gl/2hLwkz}},
}

@article{pflotran_groundwater,
  title        = {{Addressing Numerical Challenges in Introducing a Reactive
                   Transport Code into a Land Surface Model: a Biogeochemical
                   Modeling Proof-of-Concept with CLM-PFLOTRAN 1.0}},
  author       = {Guoping Tang and Fengming Yuan and Gautam Bisht
                  and Glenn E. Hammond and Peter C. Lichtner and Jitendra Kumar
                  and Richard T. Mills and Xiaofeng Xu and Ben Andre
                  and Forrest M. Hoffman and Scott L. Painter
                  and Peter E. Thornton},
  journal      = {Geoscientific Model Development},
  issn         = {1991-959X},
  year         = {2016},
  volume       = {9},
  number       = {3},
  pages        = {927--946},
  doi          = {10.5194/gmd-9-927-2016},
  note         = {\url{https://goo.gl/NzayJx}},
}

@inproceedings{lgen,
  title        = {{A Basic Linear Algebra Compiler}},
  author       = {Daniele G. Spampinato and Markus P\"{u}schel},
  booktitle    = {Proceedings of the Annual IEEE/ACM International Symposium on 
                  Code Generation and Optimization},
  isbn         = {978-1-4503-2670-4},
  year         = {2014},
  location     = {Orlando, FL, USA},
  pages        = {23:23--23:32},
  doi          = {10.1145/2544137.2544155},
  note         = {\url{https://goo.gl/N2oJ86}},
} 

@inproceedings{batched_lu_haidar,
  title        = {{Optimization for Performance and Energy for Batched Matrix
                   Computations on GPUs}},
  author       = {Azzam Haidar and Tingxing Dong and Piotr Luszczek
                  and Stanimire Tomov and Jack Dongarra},
  booktitle    = {Proceedings of the Workshop on General Purpose Processing
                  using GPUs},
  isbn         = {978-1-4503-3407-5},
  year         = {2015},
  location     = {San Francisco, CA, USA},
  pages        = {59--69},
  doi          = {10.1145/2716282.2716288},
  note         = {\url{https://goo.gl/QecWej}},
} 

@inproceedings{blaze,
  title        = {{High Performance Smart Expression Template Math Libraries}},
  author       = {Klaus Iglberger and Georg Hager and Jan Treibig
                  and Ulrich R{\"u}de},
  booktitle    = {Proceedings of the International Conference on High
                  Performance Computing Simulation},
  isbn         = {978-1-4673-2362-8},
  year         = {2012},
  location     = {Madrid, Spain},
  pages        = {367--373},
  doi          = {10.1109/HPCSim.2012.6266939},
  note         = {\url{https://goo.gl/WtLiSW}},
}

@inproceedings{libxsmm,
  title        = {{LIBXSMM: Accelerating Small Matrix Multiplications by Runtime
                   Code Generation}},
  author       = {Alexander Heinecke and Greg Henry and Maxwell Hutchinson
                  and Hans Pabst},
  booktitle    = {Proceedings of the International Conference for High
                  Performance Computing, Networking, Storage and Analysis},
  isbn         = {978-1-4673-8815-3},
  year         = {2016},
  location     = {Salt Lake City, UT, USA},
  pages        = {84:1--84:11},
  note         = {\url{https://goo.gl/AqtHvm}},
} 

@inproceedings{hwloc,
  title        = {{hwloc: a Generic Framework for Managing Hardware Affinities 
                   in HPC Applications}},
  author       = {Fran{\c c}ois Broquedis and J{\'e}r{\^o}me Clet-Ortega
                  and St{\'e}phanie Moreaud and Nathalie Furmento
                  and Brice Goglin and Guillaume Mercier and Samuel Thibault
                  and Raymond Namyst},
  booktitle    = {Proceedings of the Euromicro International Conference on
                  Parallel, Distributed and Network-Based Computing},
  year         = {2010},
  location     = {Pisa, Italy},
  doi          = {10.1109/PDP.2010.67},
  note         = {\url{https://goo.gl/6VbpYr}},
}

@inproceedings{roofline_knl,
  title        = {{Applying the Roofline Performance Model to the Intel Xeon Phi
                   Knights Landing Processor}},
  author       = {Douglas Doerfer and Jack Deslippe and Samuel Williams
                  and Leonid Oliker and Brandon Cook and Thorsten Kurth
                  and Mathieu Lobet and Tareq Malas and Jean-Luc Vay
                  and Henri Vincenti},
  booktitle    = {Proceedings of the Intel Xeon Phi User Group Workshop Annual
                  US Meeting},
  year         = {2016},
  location     = {Argonne, IL, USA},
  note         = {\url{https://goo.gl/UWl1Ks}},
}

@conference{knl_sodani,
  title        = {{Knights Landing (KNL): 2nd Generation Intel Xeon Phi Processor}},
  author       = {Avinash Sodani},
  booktitle    = {27nd Hot Chips Symposium},
  year         = {2015},
  location     = {Cupertino, CA, USA},
  note         = {\url{https://goo.gl/AkIzBk}},
}

@conference{benchmarking_cxx_code,
  title        = {{Benchmarking C++ Code}},
  author       = {Bryce Adelstein Lelbach},
  booktitle    = {CppCon 2015},
  year         = {2015},
  location     = {Bellevue, WA, USA},
  note         = {\url{https://goo.gl/S83V34}},
}

@book{pipelined_thomas_algorithm,
  title        = {{Parallelization of the Pipelined Thomas Algorithm}},
  author       = {Alex Povitsky},
  year         = {1998},
  publisher    = {Institute for Computer Applications in Science and
                  Engineering (ICASE)},
  note         = {\url{https://goo.gl/tO0Z23}},
} 

@book{elem_numerical_analysis_conte,
  title        = {{Elementary Numerical Analysis: An Algorithmic Approach}},
  author       = {Samuel Daniel Conte and Carl W. De Boor},
  year         = {1980},
  edition      = {3rd},
  publisher    = {McGraw-Hill Higher Education},
  isbn         = {0070124477},
  note         = {\url{https://goo.gl/E5qKGA}},
} 

@book{multigrid_trottenberg,
  title        = {{Multigrid}},
  author       = {Ulrich Trottenberg and Cornelius W. Oosterlee
                  and Anton Schuller},
  year         = {2000},
  publisher    = {Elsevier Science},
  isbn         = {9780080479569},
  note         = {\url{https://goo.gl/RCViM8}},
}

@manual{intel_opt_manual,
  title        = {{Intel 64 and IA-32 Architectures Optimization Reference
                   Manual}},
  year         = {2016},
  edition      = {{248966-033}},
  note         = {\url{https://goo.gl/bq4xEm}},
}

@manual{intel_sw_dev_manual_2c,
  title        = {{Intel 64 and IA-32 Architectures Software Developers'
                   Manual}},
  year         = {2016},
  volume       = {{Volume 2C: Instruction Set Reference V-Z}},
  edition      = {{325383-059US}},
  note         = {\url{https://goo.gl/OzZKIA}},
}

@manual{cxx14_spec,
  title        = {{ISO/IEC 14882:2014, Standard for Programming Language C++}},
  year         = {2014},
  note         = {\url{https://goo.gl/bCZssW}},
}

@manual{openmp_spec,
  title        = {{OpenMP Specification Version 4.5}},
  year         = {2015},
  note         = {\url{https://goo.gl/QaZ1FD}},
}

@electronic{tsb_git,
  title        = {{Tridiagonal Solve Benchmarks (TSB) suite source code
                   repository}},
  howpublished = {\url{https://goo.gl/iuhHst}},
  note         = {Available under the Boost Software License 1.0 (a BSD-style
                  open source license)},
}

@electronic{blaze_git, 
  title        = {{Blaze source code repository}},
  howpublished = {\url{https://goo.gl/3l0D3t}},
}

@electronic{libxsmm_git, 
  title        = {{LIBXSMM source code repository}},
  howpublished = {\url{https://goo.gl/CDTP9K}},
}

@electronic{mkl, 
  title        = {{Intel Math Kernel Library (MKL)}},
  howpublished = {\url{https://goo.gl/ZzbZ5B}},
}

@electronic{cublas, 
  title        = {{NVIDIA CUDA BLAS Library (cuBLAS)}},
  howpublished = {\url{https://goo.gl/nB4lO5}},
}

@electronic{intel_cpp_compiler, 
  title        = {{Intel C++ Compiler}},
  howpublished = {\url{https://goo.gl/Vf7VIJ}},
}

@electronic{intel_vtune_amplifier, 
  title        = {{Intel VTune Amplifier XE}},
  howpublished = {\url{https://goo.gl/F218Pw}},
}

@electronic{intel_advisor, 
  title        = {{Intel Advisor XE}},
  howpublished = {\url{https://goo.gl/x5kfot}},
}

@electronic{nersc_systems,
  title        = {{National Energy Research Scientific Computing Center (NERSC) Systems}},
  howpublished = {\url{https://goo.gl/0OgfCP}},
  note         = {Accessed 09-09-2016},
}

@electronic{intel_ark_xeon_e5_2695_v2, 
  title        = {{Intel Xeon Processor E5-2695 v2 (30M Cache, 2.40 GHz)
                   Specifications}},
  howpublished = {\url{https://goo.gl/84vkJd}},
}

@electronic{intel_ark_xeon_e5_2698_v3, 
  title        = {{Intel Xeon Processor E5-2698 v3 (40M Cache, 2.30 GHz)
                   Specifications}},
  howpublished = {\url{https://goo.gl/t0GdZr}},
}

@electronic{intel_ark_xeon_phi_7210, 
  title        = {{Intel Xeon Phi Processor 7210 (16GB, 1.30 GHz, 64 core)
                   Specifications}},
  howpublished = {\url{https://goo.gl/xLtmjm}},
}

